<record xmlns="http://www.loc.gov/MARC21/slim">
   <leader>01680cam a2200397 i 45 0</leader>
   <controlfield tag="001">6812044</controlfield>
   <controlfield tag="005">20141222065302.0</controlfield>
   <controlfield tag="008">141014s2015    nyu      b    001 0 eng  </controlfield>
   <datafield ind1=" " ind2=" " tag="010">
      <subfield code="a">  2014029445</subfield>
   </datafield>
   <datafield ind1=" " ind2=" " tag="020">
      <subfield code="a">9780823262373 (cloth)</subfield>
   </datafield>
   <datafield ind1=" " ind2=" " tag="035">
      <subfield code="a">ocn893317051</subfield>
   </datafield>
   <datafield ind1=" " ind2=" " tag="040">
      <subfield code="a">DLC</subfield>
      <subfield code="b">eng</subfield>
      <subfield code="e">rda</subfield>
      <subfield code="c">DLC</subfield>
      <subfield code="d">DLC</subfield>
      <subfield code="d">AENTC</subfield>
   </datafield>
   <datafield ind1=" " ind2=" " tag="042">
      <subfield code="a">pcc</subfield>
   </datafield>
   <datafield ind1=" " ind2=" " tag="043">
      <subfield code="a">e-fr---</subfield>
   </datafield>
   <datafield ind1="0" ind2="0" tag="050">
      <subfield code="a">BX1530</subfield>
      <subfield code="b">.G53 2015</subfield>
   </datafield>
   <datafield ind1="0" ind2="0" tag="082">
      <subfield code="a">282/.4409043</subfield>
      <subfield code="2">23</subfield>
   </datafield>
   <datafield ind1=" " ind2=" " tag="090">
      <subfield code="a">BX 1350 G53 2015</subfield>
      <subfield code="b">AENTC</subfield>
   </datafield>
   <datafield ind1="0" ind2="0" tag="245">
      <subfield code="a">God's mirror :</subfield>
      <subfield code="b">renewal and engagement in French Catholic intellectual culture in the mid-twentieth century /</subfield>
      <subfield code="c">edited by Katherine Davies and Toby Garfitt.</subfield>
   </datafield>
   <datafield ind1=" " ind2=" " tag="250">
      <subfield code="a">First edition.</subfield>
   </datafield>
   <datafield ind1=" " ind2="1" tag="264">
      <subfield code="a">New York :</subfield>
      <subfield code="b">Fordham University Press,</subfield>
      <subfield code="c">2015.</subfield>
   </datafield>
   <datafield ind1=" " ind2=" " tag="300">
      <subfield code="a">vi, 350 pages ;</subfield>
      <subfield code="c">24 cm</subfield>
   </datafield>
   <datafield ind1=" " ind2=" " tag="336">
      <subfield code="a">text</subfield>
      <subfield code="b">txt</subfield>
      <subfield code="2">rdacontent</subfield>
   </datafield>
   <datafield ind1=" " ind2=" " tag="337">
      <subfield code="a">unmediated</subfield>
      <subfield code="b">n</subfield>
      <subfield code="2">rdamedia</subfield>
   </datafield>
   <datafield ind1=" " ind2=" " tag="338">
      <subfield code="a">volume</subfield>
      <subfield code="b">nc</subfield>
      <subfield code="2">rdacarrier</subfield>
   </datafield>
   <datafield ind1=" " ind2=" " tag="504">
      <subfield code="a">Includes bibliographical references and index.</subfield>
   </datafield>
   <datafield ind1=" " ind2=" " tag="596">
      <subfield code="a">32</subfield>
   </datafield>
   <datafield ind1="2" ind2="0" tag="610">
      <subfield code="a">Catholic Church</subfield>
      <subfield code="z">France</subfield>
      <subfield code="x">History</subfield>
      <subfield code="y">20th century.</subfield>
   </datafield>
   <datafield ind1=" " ind2="0" tag="650">
      <subfield code="a">Catholics</subfield>
      <subfield code="z">France</subfield>
      <subfield code="x">Intellectual life</subfield>
      <subfield code="y">20th century.</subfield>
   </datafield>
   <datafield ind1=" " ind2="0" tag="651">
      <subfield code="a">France</subfield>
      <subfield code="x">Intellectual life</subfield>
      <subfield code="y">20th century.</subfield>
   </datafield>
   <datafield ind1=" " ind2="0" tag="651">
      <subfield code="a">France</subfield>
      <subfield code="x">Civilization</subfield>
      <subfield code="y">20th century.</subfield>
   </datafield>
   <datafield ind1="1" ind2=" " tag="700">
      <subfield code="a">Davies, Katherine,</subfield>
      <subfield code="c">Ph. D.,</subfield>
      <subfield code="e">editor.</subfield>
   </datafield>
   <datafield ind1="1" ind2=" " tag="700">
      <subfield code="a">Garfitt, Toby,</subfield>
      <subfield code="e">editor.</subfield>
   </datafield>
   <datafield ind1=" " ind2=" " tag="906">
      <subfield code="a">7</subfield>
      <subfield code="b">cbc</subfield>
      <subfield code="c">orignew</subfield>
      <subfield code="d">1</subfield>
      <subfield code="e">ecip</subfield>
      <subfield code="f">20</subfield>
      <subfield code="g">y-gencatlg</subfield>
   </datafield>
   <datafield ind1="0" ind2=" " tag="925">
      <subfield code="a">acquire</subfield>
      <subfield code="b">1 shelf copy</subfield>
      <subfield code="x">policy default</subfield>
   </datafield>
   <datafield ind1=" " ind2=" " tag="955">
      <subfield code="b">rk10 2014-10-14</subfield>
      <subfield code="c">rk10 2014-10-14 (telework) to subject</subfield>
      <subfield code="d">rk02 2014-10-14 to Dewey (telework)</subfield>
      <subfield code="w">xl04 2014-10-16</subfield>
      <subfield code="a">xn11 2014-12-12 1 copy rec'd., to CIP ver.</subfield>
      <subfield code="f">rk03 2014-12-20 to CALM/rk11 rev. 2014-12-22</subfield>
   </datafield>
   <datafield ind1=" " ind2=" " tag="926">
      <subfield code="a">BX 1530 G53 2015</subfield>
      <subfield code="w">LC</subfield>
      <subfield code="c">1</subfield>
      <subfield code="i">0163980491530</subfield>
      <subfield code="l">ON_SHELF</subfield>
      <subfield code="m">NEWMAN</subfield>
      <subfield code="r">Y</subfield>
      <subfield code="s">Y</subfield>
      <subfield code="t">BOOK</subfield>
      <subfield code="u">2/24/2015</subfield>
   </datafield>
</record>
